<?xml version="1.0" encoding="UTF-8"?><collection xmlns="http://www.loc.gov/MARC21/slim"><record><leader>00397nam--2200145-i-4500</leader><controlfield tag="001">000022808</controlfield><controlfield tag="002">20161230</controlfield><controlfield tag="005">20161230201034</controlfield><controlfield tag="008">060222s1000------------r-----000-0-eng-d</controlfield><datafield ind1=" " ind2=" " tag="080"><subfield code="a">621.039.8:62-52</subfield></datafield><datafield ind1=" " ind2=" " tag="100"><subfield code="a">Heimann, Reinhard</subfield></datafield><datafield ind1=" " ind2=" " tag="245"><subfield code="a">Radionuklide in der automatisierungstechnik</subfield></datafield><datafield ind1=" " ind2=" " tag="260"><subfield code="a">Berlin, Veb Verlag Technik, 1967, 87p</subfield></datafield><datafield ind1=" " ind2=" " tag="490"><subfield code="a">Reihe Automatisierungstechnik</subfield></datafield><datafield ind1=" " ind2=" " tag="852"><subfield code="a">24753</subfield></datafield></record></collection>